@misc{Airplane,
	title = {{Airplane Movie Poster 24"x36"}},
	year = {2019},
	month = {Mar},
	note = {[Online; accessed 31. Mar. 2019]},
	url = {https://www.amazon.com/Airplane-Movie-Poster-24-x36/dp/B004BIZSTU}
}